<?xml version="1.0" encoding="UTF-8"?><collection xmlns="http://www.loc.gov/MARC21/slim"><record><leader>00531nam--2200169-i-4500</leader><controlfield tag="001">000023494</controlfield><controlfield tag="002">20161230</controlfield><controlfield tag="005">20161230201035</controlfield><controlfield tag="008">060222s1000------------r-----000-0-eng-d</controlfield><datafield ind1=" " ind2=" " tag="040"><subfield code="a">IFIN-HH</subfield></datafield><datafield ind1=" " ind2=" " tag="080"><subfield code="a">015:539.141</subfield></datafield><datafield ind1="1" ind2=" " tag="100"><subfield code="a">Lipson, Edward David</subfield></datafield><datafield ind1="1" ind2="0" tag="245"><subfield code="a">Experiments on parity non-conservation in nuclear forces in 180hf, 159tb, 203tl and 181ta</subfield><subfield code="b">Disseration</subfield><subfield code="c">Edward david lipson</subfield></datafield><datafield ind1=" " ind2=" " tag="260"><subfield code="a">Ann Arbor, Michigan</subfield><subfield code="b">University Microfilms</subfield><subfield code="c">1971</subfield></datafield><datafield ind1=" " ind2=" " tag="300"><subfield code="a">80P</subfield></datafield><datafield ind1=" " ind2=" " tag="852"><subfield code="a">37854</subfield><subfield code="c">539.14</subfield></datafield><datafield ind1=" " ind2=" " tag="CAT"><subfield code="a">Sys</subfield><subfield code="c">20120328</subfield><subfield code="h">153153</subfield></datafield></record></collection>